<?xml version="1.0" encoding="UTF-8"?><collection xmlns="http://www.loc.gov/MARC21/slim"><record><leader>00585nam--2200169-i-4500</leader><controlfield tag="001">000035438</controlfield><controlfield tag="002">20161230</controlfield><controlfield tag="005">20161230201040</controlfield><controlfield tag="008">060222s1000------------r-----000-0-eng-d</controlfield><datafield ind1=" " ind2=" " tag="040"><subfield code="a">IFIN-HH</subfield></datafield><datafield ind1=" " ind2=" " tag="080"><subfield code="a">53</subfield></datafield><datafield ind1="1" ind2=" " tag="100"><subfield code="a">Korner, S</subfield></datafield><datafield ind1="1" ind2="0" tag="245"><subfield code="a">Observation and interpretation. a symposium of philosopers and physicists. proceedings of the ninth symposium or the colston research society held in the university of bristol april 1st - april 4th, 1957</subfield><subfield code="c">S. korner</subfield></datafield><datafield ind1=" " ind2=" " tag="260"><subfield code="a">London</subfield><subfield code="b">Butterworth</subfield><subfield code="c">1957</subfield></datafield><datafield ind1=" " ind2=" " tag="300"><subfield code="a">XIV + 218P</subfield></datafield><datafield ind1=" " ind2=" " tag="852"><subfield code="a">15685</subfield><subfield code="c">53.01</subfield></datafield><datafield ind1=" " ind2=" " tag="CAT"><subfield code="a">Sys</subfield><subfield code="c">20151013</subfield><subfield code="h">092548</subfield></datafield></record></collection>